<record><leader>00000cas a22000007a 4500</leader><controlfield tag="001">27701842</controlfield><controlfield tag="008">930310d18571uuunyuwr ne      0    0eng d</controlfield><datafield ind1=" " ind2=" " tag="010"><subfield code="a">sn 93063806 </subfield></datafield><datafield ind1=" " ind2=" " tag="040"><subfield code="a">NYS</subfield><subfield code="b">eng</subfield><subfield code="c">NYS</subfield><subfield code="d">OCL</subfield><subfield code="d">OCLCQ</subfield><subfield code="d">OCLCF</subfield><subfield code="d">OCLCO</subfield></datafield><datafield ind1="1" ind2=" " tag="029"><subfield code="a">AU@</subfield><subfield code="b">000020230886</subfield></datafield><datafield ind1=" " ind2=" " tag="042"><subfield code="a">msc</subfield></datafield><datafield ind1=" " ind2=" " tag="043"><subfield code="a">n-us-ny</subfield></datafield><datafield ind1="0" ind2="4" tag="245"><subfield code="a">The Walton journal.</subfield></datafield><datafield ind1=" " ind2=" " tag="260"><subfield code="a">Walton, Delaware Co., N.Y. :</subfield><subfield code="b">Berray &amp; Pine</subfield></datafield><datafield ind1=" " ind2=" " tag="300"><subfield code="a">v.</subfield></datafield><datafield ind1=" " ind2=" " tag="310"><subfield code="a">Weekly</subfield></datafield><datafield ind1="0" ind2=" " tag="362"><subfield code="a">Vol. 2, no. 1 (May 20, 1857)-</subfield></datafield><datafield ind1=" " ind2=" " tag="500"><subfield code="a">"Republican."</subfield></datafield><datafield ind1=" " ind2=" " tag="515"><subfield code="a">No issue published: July 15, 1857.</subfield></datafield><datafield ind1=" " ind2=" " tag="515"><subfield code="a">Suspended: Nov. 1857; resumed with Sept. 30, 1858 issue.</subfield></datafield><datafield ind1=" " ind2="0" tag="651"><subfield code="a">Walton (N.Y.)</subfield><subfield code="v">Newspapers.</subfield></datafield><datafield ind1=" " ind2="7" tag="655"><subfield code="a">Newspapers.</subfield><subfield code="2">fast</subfield><subfield code="0">(OCoLC)fst01423814</subfield></datafield><datafield ind1=" " ind2="7" tag="651"><subfield code="a">New York (State)</subfield><subfield code="z">Walton.</subfield><subfield code="2">fast</subfield><subfield code="0">(OCoLC)fst01233338</subfield></datafield><datafield ind1=" " ind2=" " tag="752"><subfield code="a">United States</subfield><subfield code="b">New York</subfield><subfield code="c">Delaware</subfield><subfield code="d">Walton.</subfield></datafield><datafield ind1="0" ind2="0" tag="780"><subfield code="t">Walton blade</subfield><subfield code="w">(DLC)sn 83031757</subfield></datafield></record>